@article{pereira2018aplicaccao,
  title={Aplica{\c{c}}{\~a}o do Modelo Box-Jenkins na Previs{\~a}o da Produ{\c{c}}{\~a}o de Autom{\'o}veis},
  author={Pereira, S{\'e}fora Laissa Alc{\^a}ntara and de Carvalho Lima, Jos{\'e} Eduardo},
  journal={ID on line. Revista de psicologia},
  volume={12},
  number={42},
  pages={1073--1097},
  year={2018}
}


@article{latorre2001time,
  title={Time series analysis in epidemiology: an introduction to methodological aspects},
  author={Latorre, Maria do Ros{\'a}rio Dias de Oliveira and Cardoso, Maria Regina Alves},
  journal={Revista Brasileira de Epidemiologia},
  volume={4},
  pages={145--152},
  year={2001},
  publisher={SciELO Brasil}
}

@article{ceretta2010previsao,
  title={Previs{\~a}o do pre{\c{c}}o da soja: uma compara{\c{c}}{\~a}o entre os modelos ARIMA e redes neurais artificiais},
  author={Ceretta, Paulo Sergio and Righi, PB and Schlender, Sergio Guilherme},
  journal={Informa{\c{c}}{\~o}es Econ{\^o}micas},
  volume={40},
  number={9},
  pages={15--27},
  year={2010}
}

@article{dos2012aplicaccao,
  title={Aplica{\c{c}}{\~a}o de modelos Arima em s{\'e}ries de pre{\c{c}}os de soja no Norte do Paran{\'a}},
  author={dos Santos Felipe, Israel Jos{\'e}},
  journal={Tekhne e Logos},
  volume={3},
  number={3},
  pages={16--32},
  year={2012}
}


@article{verissimo2015desempenho,
  title={Desempenho da ind{\'u}stria automobil{\'\i}stica brasileira no per{\'\i}odo 2000-2012: uma an{\'a}lise sobre a hip{\'o}tese de desindustrializa{\c{c}}{\~a}o setorial},
  author={Ver{\'\i}ssimo, Michele Polline and Ara{\'u}jo, Vanessa Marzano},
  journal={Economia e Sociedade},
  volume={24},
  number={1},
  pages={151--176},
  year={2015},
  publisher={SciELO Brasil}
}

@article{leard2017fuel,
  title={Fuel prices, new vehicle fuel economy, and implications for attribute-based standards},
  author={Leard, Benjamin and Linn, Joshua and McConnell, Virginia},
  journal={Journal of the Association of Environmental and Resource Economists},
  volume={4},
  number={3},
  pages={659--700},
  year={2017},
  publisher={University of Chicago Press Chicago, IL}
}

@misc{ramey2004tracking,
  title={Tracking the source of the decline in GDP volatility: An analysis of the automobile industry},
  author={Ramey, Valerie A and Vine, Daniel},
  year={2004},
  publisher={National Bureau of Economic Research Cambridge, Mass., USA}
}

@article{islam2016analysis,
  title={An analysis of factors that affecting the number of car sales in Malaysia},
  author={Islam, Rabiul and Ghani, Ahmad Bashawir Abdul and Kusuma, Bobby and Hong, Eric Teh Yew},
  journal={International Review of Management and Marketing},
  volume={6},
  number={4},
  pages={872--882},
  year={2016}
}

@article{muhammad2013relationship,
  title={The relationship between macroeconomic variables and passenger vehicle sales in Malaysia},
  author={Muhammad, Fidlizan and Hussin, MY and Razak, Azila Abdul and Rambeli, Norimah and Tha, Gan Pei and others},
  journal={Business and Economic Research},
  volume={3},
  number={2},
  pages={115},
  year={2013},
  publisher={Macrothink Institute}
}

@article{nawi2013determinants,
  title={Determinants of passenger car sales in Malaysia},
  author={Nawi, Abdol Samad and Ahmad, BS and Mahmood, W and Nurathirah, S and Hamid, BA},
  journal={World Applied Sciences Journal},
  volume={23},
  number={23},
  pages={67--73},
  year={2013}
}

@article{Nonnenberg2022,
  title={Como a guerra na Ucrânia poderá afetar o comércio exterior? Efeitos sobre o Brasil},
  author={Nonnenberg, Marcelo José Braga and Martins, Michelle Márcia Viana},
  journal={Nota de conjuntura 22, Carta de Conjuntura (IPEA),(54)},
  pages={1--10},
  year={2022}
}

@article{schneider2006war,
  title={War and the world economy: Stock market reactions to international conflicts},
  author={Schneider, Gerald and Troeger, Vera E},
  journal={Journal of conflict resolution},
  volume={50},
  number={5},
  pages={623--645},
  year={2006},
  publisher={Sage Publications Sage CA: Thousand Oaks, CA}
}

@article{brune2015war,
  title={The war puzzle: Contradictory effects of international conflicts on stock markets},
  author={Brune, Amelie and Hens, Thorsten and Rieger, Marc Oliver and Wang, Mei},
  journal={International Review of Economics},
  volume={62},
  number={1},
  pages={1--21},
  year={2015},
  publisher={Springer}
}

@article{bai1994least,
  title={Least squares estimation of a shift in linear processes},
  author={Bai, Jushan},
  journal={Journal of Time Series Analysis},
  volume={15},
  number={5},
  pages={453--472},
  year={1994},
  publisher={Wiley Online Library}
}

@article{bai1997estimating,
  title={Estimating multiple breaks one at a time},
  author={Bai, Jushan},
  journal={Econometric theory},
  volume={13},
  number={3},
  pages={315--352},
  year={1997},
  publisher={Cambridge University Press}
}

@article{bai1997estimation,
  title={Estimation of a change point in multiple regression models},
  author={Bai, Jushan},
  journal={Review of Economics and Statistics},
  volume={79},
  number={4},
  pages={551--563},
  year={1997},
  publisher={MIT Press 238 Main St., Suite 500, Cambridge, MA 02142-1046, USA journals~…}
}

@article{bai1998estimating,
  title={Estimating and testing linear models with multiple structural changes},
  author={Bai, Jushan and Perron, Pierre},
  journal={Econometrica},
  pages={47--78},
  year={1998},
  publisher={JSTOR}
}

@article{bai2003computation,
  title={Computation and analysis of multiple structural change models},
  author={Bai, Jushan and Perron, Pierre},
  journal={Journal of applied econometrics},
  volume={18},
  number={1},
  pages={1--22},
  year={2003},
  publisher={Wiley Online Library}
}

@article{chan1991percentage,
  title={Percentage points of likelihood ratio tests for threshold autoregression},
  author={Chan, Kung Sik},
  journal={Journal of the Royal Statistical Society: Series B (Methodological)},
  volume={53},
  number={3},
  pages={691--696},
  year={1991},
  publisher={Wiley Online Library}
}

@article{tsay1986nonlinearity,
  title={Nonlinearity tests for time series},
  author={Tsay, Ruey S},
  journal={Biometrika},
  volume={73},
  number={2},
  pages={461--466},
  year={1986},
  publisher={Oxford University Press}
}
